<collection xmlns="http://www.loc.gov/MARC21/slim">
<record>
  <leader>02460nam0a2200433 i 450 </leader>
  <controlfield tag="001">IT\ICCU\CNCE\015865</controlfield>
  <controlfield tag="005">20140221000000.0</controlfield>
  <datafield tag="012" ind1=" " ind2=" ">
    <subfield code="a">nol- E.4. uala nana (3) 1585 (A)</subfield>
    <subfield code="2">fei</subfield>
  </datafield>
  <datafield tag="100" ind1=" " ind2=" ">
    <subfield code="a">19970101d1585        0itac0103    ba</subfield>
  </datafield>
  <datafield tag="101" ind1=" " ind2=" ">
    <subfield code="a">ITA</subfield>
  </datafield>
  <datafield tag="102" ind1=" " ind2=" ">
    <subfield code="a">IT</subfield>
  </datafield>
  <datafield tag="200" ind1="1" ind2=" ">
    <subfield code="a">℗Le ℗piaceuoli e ridicolose facetie di m. Poncino Dalla Torre, cremonese. Nelle quali si leggono diuerse burle da lui astutamente fatte, di non poca dilettatione, e trastullo, a&apos; lettori. Di nouo ristampate con l&apos;aggiunta d&apos;alcun&apos;altre, che nella prima impressione mancauano</subfield>
  </datafield>
  <datafield tag="210" ind1=" " ind2=" ">
    <subfield code="a">In Cremona</subfield>
    <subfield code="c">appresso Christoforo Draconi</subfield>
    <subfield code="c">ad instantia di m. Tomaso Vachello</subfield>
    <subfield code="d">1585</subfield>
  </datafield>
  <datafield tag="215" ind1=" " ind2=" ">
    <subfield code="a">\8!, 86, \2! c.</subfield>
    <subfield code="d">8ʻ</subfield>
  </datafield>
  <datafield tag="620" ind1=" " ind2=" ">
    <subfield code="a">IT</subfield>
    <subfield code="d">Cremona</subfield>
  </datafield>
  <datafield tag="700" ind1=" " ind2="1">
    <subfield code="a">Dalla_Torre,</subfield>
    <subfield code="b">Poncino</subfield>
    <subfield code="3">IT\ICCU\CNCA\004562</subfield>
  </datafield>
  <datafield tag="712" ind1="0" ind2="0">
    <subfield code="a">Draconi, Cristoforo</subfield>
    <subfield code="3">IT\ICCU\CNCT\000063</subfield>
    <subfield code="4">650</subfield>
  </datafield>
  <datafield tag="712" ind1="0" ind2="0">
    <subfield code="a">Vacchello, Tommaso</subfield>
    <subfield code="3">IT\ICCU\CNCT\001039</subfield>
    <subfield code="4">650</subfield>
  </datafield>
  <datafield tag="790" ind1=" " ind2="1">
    <subfield code="a">Torre,</subfield>
    <subfield code="b">Poncino : dalla</subfield>
    <subfield code="3">IT\ICCU\CNCA\014971</subfield>
    <subfield code="z">Dalla_Torre, Poncino</subfield>
  </datafield>
  <datafield tag="790" ind1=" " ind2="0">
    <subfield code="a">Ponzinus</subfield>
    <subfield code="c"> : a#Turre</subfield>
    <subfield code="3">IT\ICCU\CNCA\020851</subfield>
    <subfield code="z">Dalla_Torre, Poncino</subfield>
  </datafield>
  <datafield tag="791" ind1="0" ind2="0">
    <subfield code="a">Dragoni, Cristoforo</subfield>
    <subfield code="3">IT\ICCU\CNCT\003781</subfield>
    <subfield code="z">Draconi, Cristoforo</subfield>
  </datafield>
  <datafield tag="791" ind1="0" ind2="0">
    <subfield code="a">Draconius, Christophorus</subfield>
    <subfield code="3">IT\ICCU\CNCT\004736</subfield>
    <subfield code="z">Draconi, Cristoforo</subfield>
  </datafield>
  <datafield tag="791" ind1="0" ind2="0">
    <subfield code="a">Vacchellius, Thomas</subfield>
    <subfield code="3">IT\ICCU\CNCT\005723</subfield>
    <subfield code="z">Vacchello, Tommaso</subfield>
  </datafield>
  <datafield tag="791" ind1="0" ind2="0">
    <subfield code="a">Vachello, Tomaso</subfield>
    <subfield code="3">IT\ICCU\CNCT\005724</subfield>
    <subfield code="z">Vacchello, Tommaso</subfield>
  </datafield>
  <datafield tag="801" ind1=" " ind2="3">
    <subfield code="a">IT</subfield>
    <subfield code="b">ICCU</subfield>
    <subfield code="c">20201114</subfield>
  </datafield>
  <datafield tag="899" ind1=" " ind2=" ">
    <subfield code="a">Biblioteca civica A. Mai. Bergamo</subfield>
    <subfield code="1">BG0026</subfield>
    <subfield code="2">LO1 02</subfield>
  </datafield>
  <datafield tag="899" ind1=" " ind2=" ">
    <subfield code="a">Biblioteca del Clero di S. Alessandro in Colonna (depositata presso Bibl. mons. G.M. Radini Tedeschi). Bergamo</subfield>
    <subfield code="1">BG0043</subfield>
    <subfield code="2">LO1 56</subfield>
  </datafield>
  <datafield tag="899" ind1=" " ind2=" ">
    <subfield code="a">Biblioteca statale. Cremona</subfield>
    <subfield code="1">CR0062</subfield>
    <subfield code="2">LO1 28</subfield>
  </datafield>
  <datafield tag="899" ind1=" " ind2=" ">
    <subfield code="a">Biblioteca comunale Malatestiana. Cesena</subfield>
    <subfield code="z">MUTILO</subfield>
    <subfield code="1">FC0011</subfield>
    <subfield code="2">RAV CS</subfield>
  </datafield>
  <datafield tag="899" ind1=" " ind2=" ">
    <subfield code="a">Biblioteca nazionale centrale. Firenze</subfield>
    <subfield code="1">FI0098</subfield>
    <subfield code="2">CFI CF</subfield>
  </datafield>
  <datafield tag="899" ind1=" " ind2=" ">
    <subfield code="a">Biblioteca statale. Lucca</subfield>
    <subfield code="1">LU0022</subfield>
    <subfield code="2">LUA BL</subfield>
  </datafield>
  <datafield tag="899" ind1=" " ind2=" ">
    <subfield code="a">Biblioteca nazionale Braidense. Milano</subfield>
    <subfield code="1">MI0185</subfield>
    <subfield code="2">MIL NB</subfield>
  </datafield>
  <datafield tag="899" ind1=" " ind2=" ">
    <subfield code="a">Biblioteca del Seminario vescovile. Pontremoli</subfield>
    <subfield code="1">MS0019</subfield>
    <subfield code="2">RT1 PP</subfield>
  </datafield>
  <datafield tag="899" ind1=" " ind2=" ">
    <subfield code="a">Biblioteca universitaria. Pavia</subfield>
    <subfield code="1">PV0291</subfield>
    <subfield code="2">MIL UP</subfield>
  </datafield>
  <datafield tag="899" ind1=" " ind2=" ">
    <subfield code="a">Biblioteca Vallicelliana. Roma</subfield>
    <subfield code="1">RM0281</subfield>
    <subfield code="2">RML 08</subfield>
  </datafield>
  <datafield tag="899" ind1=" " ind2=" ">
    <subfield code="a">Biblioteca Reale. Torino</subfield>
    <subfield code="1">TO0263</subfield>
    <subfield code="2">TO0 07</subfield>
  </datafield>
  <datafield tag="899" ind1=" " ind2=" ">
    <subfield code="a">Biblioteca nazionale Marciana. Venezia</subfield>
    <subfield code="1">VE0049</subfield>
    <subfield code="2">VEA BM</subfield>
  </datafield>
  <datafield tag="911" ind1=" " ind2=" ">
    <subfield code="a">Sul front.</subfield>
    <subfield code="9">IT\ICCU\CNCM\001034</subfield>
  </datafield>
  <datafield tag="921" ind1=" " ind2=" ">
    <subfield code="a">IT\ICCU\CNCM\001034</subfield>
    <subfield code="b">Stella cometa. In cornice figurata</subfield>
    <subfield code="e">Inter omnes</subfield>
    <subfield code="c">U69</subfield>
    <subfield code="d">Dimensioni: 4,5 x 6</subfield>
    <subfield code="f">INTEROMNES</subfield>
    <subfield code="f">COMETA</subfield>
    <subfield code="f">STELLA</subfield>
    <subfield code="g">[158.]</subfield>
  </datafield>
</record>
</collection>
